@inproceedings{teuling_tron,
	author		= "N.G.P. {Den Teuling} and M.H.M. Winands",
	title		= "{M}onte-{C}arlo {T}ree {S}earch for the Simultaneous Move Game {Tron}",
	howpublished 	= "Computer Games Workshop at ECAI 2012",
	year		= "2012",
	month		= "June",
	pages		= "126--141",
}

@mastersthesis{finnson_master,
	author		= "H. Finnsson",
	title		= "CADIA-Player: A General Game Playing Agent",
	school	 	= "Reykjavik University, Iceland - School of Computer Science",
	type		= "Master Thesis",
	year		= "2007",
	month		= "December",
}

@inproceedings{mcts_goofspiel,
     title        = {Monte Carlo Tree Search in Simultaneous Move Games with Applications to {G}oofspiel},
     author       = {M. Lanctot and V. Lis\'{y} and M.H.M. Winands},
     year         = {2013},
     booktitle    = {Proceedings of IJCAI 2013 Workshop on Computer Games},
}



@inproceedings{cig_paper,
	author		= "P. Perick, D. L. St-Pierre, F. Maes and D. Ernst",
	title		= "Comparison of Different Selection Strategies in {M}onte-{C}arlo {T}ree {S}earch 				for the Game of {TRON}",
	year		= "2012",
	note 		= "2012 IEEE Conference on Computational Intelligence and Games (CIG'12)",
	pages		= "242--249",
}

@inbook{schaeffer_2009,
	title 		= "One Jump Ahead: Computer Perfection In Checkers",
	author		= "Jonathan Schaeffer",
	year 		= "2009",
	publisher 	= "Springer",
}

@phdthesis{chaslot_phd,
	author		= "G.M.J-B. Chaslot",
	title		= "Monte-Carlo Tree Search",
	year 		= "2010",
	school		= "Department of Knowledge Engineering, Maastricht University, Netherlands",
	note		= "Ph.D. dissertation",
}

@article{ChaslotWHUB2008,
   title = {Progressive strategies for Monte-Carlo Tree Search},
   author = {G.M.J-B. Chaslot and M.H.M. Winands and H.J. van den Herik
and J.W.H.M. Uiterwijk and B. Bouzy},
   journal = {New Mathematics and Natural Computation},
   volume = {4},
   number = {3},
   pages = {343--357},
   year = {2008},
   publisher = {World Scientific Publishing Company},
}

@inproceedings{Teytaud11Upper,
  author = {Teytaud, Olivier and Flory, S{\'e}bastien},
  title = {Upper confidence trees with short term partial information},
  booktitle = {Applications of Eolutionary Computation (EvoApplications
2011), Part I},
  year = {2011},
  pages = {153--162},
  publisher = {Springer-Verlag},
  address = {Berlin, Heidelberg},
  series = "LNCS",
  volume = "6624",
}

@article{Auer2003Exp3,
  author = {Auer, Peter and Cesa-Bianchi, Nicol\`{o} and Freund, Yoav
and Schapire, Robert E.},
  title = {The Nonstochastic Multiarmed Bandit Problem},
  journal = {SIAM J. Comput.},
  volume = {32},
  number = {1},
  month = jan,
  year = {2003},
  pages = {48--77},
  publisher = {Society for Industrial and Applied Mathematics},
  address = {Philadelphia, PA, USA},
}

@inproceedings{coulom,
	author		= "R. Coulom",
	title		= "Efficient Selectivity and Backup Operators in {M}onte {C}arlo {T}ree {S}earch",
	year		= "2007",
	series		= "LNCS",
	journal		= "Computers and Games",
	volume		= "4630",
	pages		= "72-83",
	booktitle	= "CG 2008",
}

@inproceedings{kocsis,
	author		= "L. Kocsis and C. Szepesv{\'a}ri",
	title		= "Bandit Based {M}onte {C}arlo Planning",
	year		= "2006",
	series		= "LNCS",
	journal		= "Machine Learning: ECML",
	volume		= "5131",
	pages		= "282--293",
}

@article{samuel_checkers,
	author		= "A. Samuel",
	title		= "Some Studies in Machine Learning using the Game of Checkers",
	year		= "2000",
	journal		= "IBM Journal of research and development",
	volume		= "44",
	number		= "1.2",
	pages		= "206--226"
}

@article{deep_blue,
	author		= "M. Campbell, A. Hoane Jr. and F. Hsu",
	title		= "{D}eep {B}lue",
	year		= "2002",
	journal		= "Artificial Intelligence",
	volume		= "134",
	number		= "1",
	pages		= "57--83",
}

@article{computer_go,
	author		= "M. M\H{u}ller",
	title		= "Computer {G}o",
	year		= "2002",
	journal		= "Artificial Intelligence",
	volume		= "134",
	number		= "1",
	pages		= "145--179"
}

@book{ai_russel_norvig,
	author		= "S. Russel and P. Norvig",
	title		= "Artificial Intelligence - A Modern Approach",
	publisher	= "Pearson",
	edition		= "3rd",
	year		= "2010",
	pages		= "92",
}

@inproceedings{tron_cig,
	author		= "S. Samothrakis, D. Robles and S.Lucas",
	title		= "An {UCT} Agent for {TRON}: Initial Investigations",
	year		= "2010",
	note 		= "2010 IEEE Conference on Computational Intelligence and Games (CIG'10)",
	pages		= "365--371",
}

@article{auer_et_al,
	author		= "P. Auer, N. Cesa-Bianchi and P. Fischer",
	title		= "Finite-time Analysis of the Multiarmed Bandit Problem",
	year		= "2002",
	journal		= "Machine Learning",
	volume		= "47",
	number		= "3",
	pages		= "235--256",
}

@misc{google_challenge_ai,
      author = "Google AI Challenge TRON",
      title = "http://tron.aichallenge.org/",
      year = "2010",
}
